@article{lempel_moran01,
  title={SALSA: the stochastic approach for link-structure analysis},
  author={Lempel, Ronny and Moran, Shlomo},
  journal={ACM Transactions on Information Systems (TOIS)},
  volume={19},
  number={2},
  pages={131--160},
  year={2001},
  publisher={ACM New York, NY, USA}
}

@article{farahat_etal06,
  title={Authority rankings from HITS, PageRank, and SALSA: Existence, uniqueness, and effect of initialization},
  author={Farahat, Ayman and LoFaro, Thomas and Miller, Joel C and Rae, Gregory and Ward, Lesley A},
  journal={SIAM Journal on Scientific Computing},
  volume={27},
  number={4},
  pages={1181--1201},
  year={2006},
  publisher={SIAM}
}